<?xml version="1.0" encoding="UTF-8"?><collection xmlns="http://www.loc.gov/MARC21/slim"><record><leader>00467nam--2200181-u-4500</leader><controlfield tag="001">000056383</controlfield><controlfield tag="002">20161230</controlfield><controlfield tag="005">20161230201052</controlfield><controlfield tag="008">150812s1000------------r-----000-0-rus-d</controlfield><datafield ind1=" " ind2=" " tag="040"><subfield code="a">IFIN-HH</subfield></datafield><datafield ind1=" " ind2=" " tag="041"><subfield code="a">rus</subfield></datafield><datafield ind1=" " ind2=" " tag="080"><subfield code="a">001.5</subfield></datafield><datafield ind1="1" ind2=" " tag="100"><subfield code="a">Bondi, H</subfield></datafield><datafield ind1="1" ind2="0" tag="245"><subfield code="a">Gipotezi i mifi v fiziceskoi teorii</subfield><subfield code="c">H. bondi</subfield></datafield><datafield ind1=" " ind2=" " tag="260"><subfield code="a">Moskva</subfield><subfield code="b">Mir</subfield><subfield code="c">1972</subfield></datafield><datafield ind1=" " ind2=" " tag="300"><subfield code="a">103P</subfield></datafield><datafield ind1=" " ind2=" " tag="500"><subfield code="a">Titlul Original In Limba Engleza: Assuption And Mith In Physical Theory</subfield></datafield><datafield ind1=" " ind2=" " tag="852"><subfield code="a">75937</subfield></datafield></record></collection>